@article{wu2024onebit,
	title     = {One-Bit Spectrum Sensing for Cognitive Radio},
	author    = {Wu, P.-W. and Huang, L. and Ram√≠rez, D. and Xiao, Y.-H. and So, H. C.},
	journal   = {IEEE Transactions on Signal Processing},
	volume    = {72},
	pages     = {549--564},
	year      = {2024},
	doi       = {10.1109/TSP.2023.3343569},
	keywords  = {Detectors; Sensors; Covariance matrices; Signal to noise ratio; Quantization (signal); Degradation; Random access memory; One-bit ADC; performance degradation; Rao's test; spectrum sensing},
}


@article{huang2015eigenvalue,
  title   = {An eigenvalue moment-ratio approach to blind spectrum sensing for cognitive radio under sample-starving environment},
  author  = {Huang, L. and Fang, J. and Liu, K. and So, H. C. and Li, H.},
  journal = {IEEE Transactions on Vehicular Technology},
  volume  = {64},
  number  = {8},
  pages   = {3465--3480},
  year    = {2015},
  month   = {Aug},
}

@article{zhao2021onebit,
  title   = {One-bit spectrum sensing based on statistical covariances: Eigenvalue moment ratio approach},
  author  = {Zhao, Y. and Ke, X. and Zhao, B. and Xiao, Y. and Huang, L.},
  journal = {IEEE Wireless Communications Letters},
  volume  = {10},
  number  = {11},
  pages   = {2474--2478},
  year    = {2021},
  month   = {Nov},
}


@article{xiao2018approximate,
  title   = {Approximate asymptotic distribution of locally most powerful invariant test for independence: Complex case},
  author  = {Xiao, Y.-H. and Huang, L. and Xie, J. and So, H. C.},
  journal = {IEEE Transactions on Information Theory},
  volume  = {64},
  number  = {3},
  pages   = {1784--1799},
  year    = {2018},
  month   = {Mar},
}

@article{barshalom2002doa,
  title   = {DOA estimation using one-bit quantized measurements},
  author  = {Bar-Shalom, O. and Weiss, A. J.},
  journal = {IEEE Transactions on Aerospace and Electronic Systems},
  volume  = {38},
  number  = {3},
  pages   = {868--884},
  year    = {2002},
  month   = {Jul},
}

@article{huang2015performance,
  title   = {Performance analysis of volume-based spectrum sensing for cognitive radio},
  author  = {Huang, L. and Qian, C. and Xiao, Y. and Zhang, Q. T.},
  journal = {IEEE Transactions on Wireless Communications},
  volume  = {14},
  number  = {1},
  pages   = {317--330},
  year    = {2015},
  month   = {Jan},
}

@article{ramirez2013locally,
  title   = {Locally most powerful invariant tests for correlation and sphericity of Gaussian vectors},
  author  = {Ram{\'i}rez, D. and V{\'i}a, J. and Santamar{\'i}a, I. and Scharf, L. L.},
  journal = {IEEE Transactions on Information Theory},
  volume  = {59},
  number  = {4},
  pages   = {2128--2141},
  year    = {2013},
  month   = {Apr},
}

@article{xiao2022onebit,
  title   = {One-bit target detection in collocated MIMO radar and performance degradation analysis},
  author  = {Xiao, Y.-H. and Ram{\'i}rez, D. and Schreier, P. J. and Qian, C. and Huang, L.},
  journal = {IEEE Transactions on Vehicular Technology},
  volume  = {71},
  number  = {9},
  pages   = {9363--9374},
  year    = {2022},
  month   = {Sep},
}

