@article{huang2015eigenvalue,
  title   = {An eigenvalue moment-ratio approach to blind spectrum sensing for cognitive radio under sample-starving environment},
  author  = {Huang, L. and Fang, J. and Liu, K. and So, H. C. and Li, H.},
  journal = {IEEE Transactions on Vehicular Technology},
  volume  = {64},
  number  = {8},
  pages   = {3465--3480},
  year    = {2015},
  month   = {Aug},
}

@article{zhao2021onebit,
  title   = {One-bit spectrum sensing based on statistical covariances: Eigenvalue moment ratio approach},
  author  = {Zhao, Y. and Ke, X. and Zhao, B. and Xiao, Y. and Huang, L.},
  journal = {IEEE Wireless Communications Letters},
  volume  = {10},
  number  = {11},
  pages   = {2474--2478},
  year    = {2021},
  month   = {Nov},
}


@article{xiao2018approximate,
  title   = {Approximate asymptotic distribution of locally most powerful invariant test for independence: Complex case},
  author  = {Xiao, Y.-H. and Huang, L. and Xie, J. and So, H. C.},
  journal = {IEEE Transactions on Information Theory},
  volume  = {64},
  number  = {3},
  pages   = {1784--1799},
  year    = {2018},
  month   = {Mar},
}

@article{barshalom2002doa,
  title   = {DOA estimation using one-bit quantized measurements},
  author  = {Bar-Shalom, O. and Weiss, A. J.},
  journal = {IEEE Transactions on Aerospace and Electronic Systems},
  volume  = {38},
  number  = {3},
  pages   = {868--884},
  year    = {2002},
  month   = {Jul},
}
